<?xml version="1.0" encoding="UTF-8"?>
<SOAP-ENV:Envelope xmlns:SOAP-ENV="http://schemas.xmlsoap.org/soap/envelope/" xmlns:of="http://oss.dbc.dk/ns/openformat" xmlns:ofo="http://oss.dbc.dk/ns/openformatoutput"><SOAP-ENV:Body><of:formatResponse><marc:record xmlns:marc="http://www.loc.gov/MARC21/slim"><leader>00000nam a22000004c 4500</leader><controlfield tag="001">820010:1031374</controlfield><controlfield tag="003">DKDLA</controlfield><controlfield tag="005">20081101230000.0</controlfield><controlfield tag="007">ta</controlfield><controlfield tag="008">010816s1876    dk |||||||||| 00||udan||</controlfield><datafield ind1=" " ind2="0" tag="245"><subfield code="a">Lærerstanden ved de nedlagte Latinskoler i Ebeltolt, Grenaa, Hobro, Mariager og Skive</subfield></datafield><datafield ind1=" " ind2=" " tag="260"><subfield code="c">1876</subfield></datafield><datafield ind1=" " ind2=" " tag="300"><subfield code="a">21 S.</subfield></datafield><datafield ind1="1" ind2=" " tag="700"><subfield code="a">Hundrup, F. E.</subfield></datafield></marc:record></of:formatResponse></SOAP-ENV:Body></SOAP-ENV:Envelope>
